<?xml version="1.0" encoding="UTF-8"?><record xmlns="http://www.loc.gov/MARC21/slim" xmlns:cinclude="http://apache.org/cocoon/include/1.0" xmlns:zs="http://www.loc.gov/zing/srw/">
  <leader>00591cz  a2200133n  4500</leader>
  <controlfield tag="001">n  80003691 </controlfield>
  <controlfield tag="003">DLC</controlfield>
  <controlfield tag="005">20090214075628.0</controlfield>
  <controlfield tag="008">800130n| acannaabn          |n ana      </controlfield>
  <datafield tag="010" ind1=" " ind2=" ">
    <subfield code="a">n  80003691 </subfield>
  </datafield>
  <datafield tag="035" ind1=" " ind2=" ">
    <subfield code="a">(OCoLC)oca00386361</subfield>
  </datafield>
  <datafield tag="040" ind1=" " ind2=" ">
    <subfield code="a">DLC</subfield>
    <subfield code="b">eng</subfield>
    <subfield code="c">DLC</subfield>
    <subfield code="d">OCoLC</subfield>
  </datafield>
  <datafield tag="110" ind1="2" ind2=" ">
    <subfield code="a">National Advisory Neurological and Communicative Disorders and Stroke Council (U.S.).</subfield>
    <subfield code="b">Panel on Pain</subfield>
  </datafield>
  <datafield tag="670" ind1=" " ind2=" ">
    <subfield code="a">Its Report of the Panel ... 1979:</subfield>
    <subfield code="b">t.p. (Panel on Pain) p. v (Panel on Pain; org. 1977 by National Advisory Neurological and Communicative Disorders and Stroke Council, to review, assess, and recommend res.)</subfield>
  </datafield>
</record>